<collection xmlns="http://www.loc.gov/MARC21/slim">
<record>
  <leader>00774nam0a22001691i 450 </leader>
  <controlfield tag="001">IT\ICCU\CNCE\071370</controlfield>
  <controlfield tag="005">20070718000000.0</controlfield>
  <datafield tag="012" ind1=" " ind2=" ">
    <subfield code="a">rama i;i- t-he stso (C) 0000 (Q)</subfield>
    <subfield code="2">fei</subfield>
  </datafield>
  <datafield tag="100" ind1=" " ind2=" ">
    <subfield code="a">20070718d1600        0itac0103    ba</subfield>
  </datafield>
  <datafield tag="101" ind1=" " ind2=" ">
    <subfield code="a">ITA</subfield>
  </datafield>
  <datafield tag="102" ind1=" " ind2=" ">
    <subfield code="a">IT</subfield>
  </datafield>
  <datafield tag="200" ind1="1" ind2=" ">
    <subfield code="a">Lettera. Scritta dalla m. suor Francesca di Giesu Maria alle monache di S. Maria delle Gratie in Farnese, &amp; della Concettione in Albano</subfield>
  </datafield>
  <datafield tag="210" ind1=" " ind2=" ">
    <subfield code="d">\sec. 17. 1. met?̉!</subfield>
  </datafield>
  <datafield tag="215" ind1=" " ind2=" ">
    <subfield code="a">\18! c.</subfield>
    <subfield code="d">24\ lungo</subfield>
  </datafield>
  <datafield tag="300" ind1=" " ind2=" ">
    <subfield code="a">ANNULLATA !!!!!! &gt;&gt;&gt;&gt;&gt;Tit. dall&apos;intit. -  Pubblicato probabilmente in Italia nella prima met ̉del XVII sec., come si desume da elementi storico-tipografici. -  Segn.: áœ b℗£℗ø. -  Ultima c. bianca</subfield>
  </datafield>
  <datafield tag="801" ind1=" " ind2="3">
    <subfield code="a">IT</subfield>
    <subfield code="b">ICCU</subfield>
    <subfield code="c">20201115</subfield>
  </datafield>
  <datafield tag="899" ind1=" " ind2=" ">
    <subfield code="a">Biblioteca nazionale centrale. Roma</subfield>
    <subfield code="1">RM0267</subfield>
    <subfield code="2">BVE CR</subfield>
  </datafield>
</record>
</collection>
